@book{evans,
  title={Partial Differential Equations},
  author={Evans, L.C.},
  series={Graduate Studies in Mathematics},
  year={2010},
  publisher={American Mathematical Society}
}
@book{limaye,
  title={Functional Analysis},
  author={Limaye, B.V.},
  year={1996},
  publisher={New Age International (P) Limited}
}
@book{wells,
  title={Differential Analysis on Complex Manifolds},
  author={Wells, R.O.},
  series={Graduate Texts in Mathematics},
  year={2013},
  publisher={Springer New York}
}
@article{reiterschuster,
  title={Fourier {T}ransform and {S}obolev {S}paces},
  author={Reiter M. and Arthur S.},
  year={2008},
  note ={\url{https://www.mat.univie.ac.at/stein/lehre/SoSem08/sobolev_fourier.pdf}}
}
@book{griffiths,
  title={Principles of Algebraic Geometry},
  author={Griffiths, P. and Harris, J.},
  series={Wiley Classics Library},
  year={2014},
  publisher={Wiley}
}
@book{jost,
  title={Riemannian Geometry and Geometric Analysis},
  author={Jost, J.},
  series={Universitext},
  year={2008},
  publisher={Springer Berlin Heidelberg}
}
@book{vicente,
  title={Geometry and Topology of Surfaces},
  author={ González, A and Muñoz, V and Rojo, J.A.},
  publisher={Unpublished lecture notes}
}
